<?xml version="1.0" encoding="UTF-8"?><record xmlns="http://www.loc.gov/MARC21/slim" xmlns:cinclude="http://apache.org/cocoon/include/1.0" xmlns:zs="http://www.loc.gov/zing/srw/">
  <leader>00548cz  a2200157n  4500</leader>
  <controlfield tag="001">n  83137386 </controlfield>
  <controlfield tag="003">DLC</controlfield>
  <controlfield tag="005">20081217080511.0</controlfield>
  <controlfield tag="008">830812n| acannaabn          |n aaa      </controlfield>
  <datafield tag="010" ind1=" " ind2=" ">
    <subfield code="a">n  83137386 </subfield>
  </datafield>
  <datafield tag="035" ind1=" " ind2=" ">
    <subfield code="a">(OCoLC)oca00968613</subfield>
  </datafield>
  <datafield tag="040" ind1=" " ind2=" ">
    <subfield code="a">DLC</subfield>
    <subfield code="b">eng</subfield>
    <subfield code="c">DLC</subfield>
    <subfield code="d">CoU</subfield>
    <subfield code="d">OCoLC</subfield>
  </datafield>
  <datafield tag="100" ind1="1" ind2=" ">
    <subfield code="a">Wicken, Olav</subfield>
  </datafield>
  <datafield tag="670" ind1=" " ind2=" ">
    <subfield code="a">His Ny teknologi og hĂ¸yere priser, 1982:</subfield>
    <subfield code="b">t.p. (Olav Wicken)</subfield>
  </datafield>
  <datafield tag="670" ind1=" " ind2=" ">
    <subfield code="a">Kunnskap som vaĚpen, c1997:</subfield>
    <subfield code="b">t.p. (Olav Wicken)</subfield>
  </datafield>
  <datafield tag="670" ind1=" " ind2=" ">
    <subfield code="a">Norwegian national bibliography (NORBOK) WWW catalog, Jan. 5, 2001</subfield>
    <subfield code="b">(hdg.: Wicken, Olav, 28 des. 1950- )</subfield>
  </datafield>
</record>